<?xml version="1.0" encoding="UTF-8"?><collection><record><leader>02246ntm a2200301 a 4500</leader><controlfield tag="001">002641728</controlfield><controlfield tag="003">MiAaHDL</controlfield><controlfield tag="005">20201222000000.0</controlfield><controlfield tag="006">m        d        </controlfield><controlfield tag="007">cr bn ---auaua</controlfield><controlfield tag="008">930712q18871888xx            00| | ara d</controlfield><datafield tag="035" ind1=" " ind2=" "><subfield code="a">(MiU)002641728</subfield></datafield><datafield tag="035" ind1=" " ind2=" "><subfield code="a">sdr-miu002641728</subfield></datafield><datafield tag="035" ind1=" " ind2=" "><subfield code="a">(OCoLC)34366760</subfield></datafield><datafield tag="035" ind1=" " ind2=" "><subfield code="a">(RLIN)MIUH93-A198</subfield></datafield><datafield tag="040" ind1=" " ind2=" "><subfield code="a">MiU</subfield><subfield code="c">MiU</subfield><subfield code="e">appm</subfield></datafield><datafield tag="245" ind1="0" ind2="0"><subfield code="6">880-01</subfield><subfield code="a">Koran :</subfield><subfield code="k">manuscript,</subfield><subfield code="f">[1887 or 8].</subfield></datafield><datafield tag="260" ind1=" " ind2=" "><subfield code="c">[1887 or 8].</subfield></datafield><datafield tag="300" ind1=" " ind2=" "><subfield code="a">1</subfield><subfield code="f">v. ([522] p.) ;</subfield><subfield code="c">22 cm.</subfield></datafield><datafield tag="500" ind1=" " ind2=" "><subfield code="a">Illumination on pp. [1-2]; chapter headings illuminated; gold dots and foliate flourishes mark verse and chapter endings; text enclosed in wide gold borders; illuminated marginal rosettes mark thirtieths with (juzʼ) and quarters within each juzʼ with "ḥizb"; gilder's name at bottom of p. [522]: dhahhabahu Bahāʼ al-Dīn bin Tawfīq; edges gilded with foliate patterns; green leather endpages painted with gold and silver sunburst designs; binding gold-stamped and painted in silver and gold foliate designs.</subfield></datafield><datafield tag="500" ind1=" " ind2=" "><subfield code="a">Date and copyist's name on p. [518] at opening of closing invocation: qad tasharrafa bi-kitābat hādhihi al-muṣḥaf al-sharīf ... Kathīr al-Masāwī al-Būrdūrī Nūrī Ḥāfiẓ ʻUthmān al-mushtahar bi-Qāyish Zādah ... li-sanat khams wa-thalāthamiʼah wa-alf.</subfield></datafield><datafield tag="510" ind1="4" ind2=" "><subfield code="a">Zakariya, Mohamed. "Islamic calligraphy: A technical overview." In Brocade of the pen: the art of Islamic writing. Carol Garrett Fisher, ed. (East Lansing, MI: Kresge Art Museum, Michigan State University, 1991):</subfield><subfield code="c">1-17</subfield></datafield><datafield tag="510" ind1="4" ind2=" "><subfield code="a">Brocade of the pen : the art of Islamic writing. Carol Garrett Fisher, ed. (East Lansing, MI: Kresge Art Museum, Michigan State University, 1991),</subfield><subfield code="c">no.13, p.84</subfield></datafield><datafield tag="530" ind1=" " ind2=" "><subfield code="a">Photographic negative of p. [2] in repository (opening of sūrah 1, The Cow).</subfield></datafield><datafield tag="538" ind1=" " ind2=" "><subfield code="a">Mode of access: Internet.</subfield></datafield><datafield tag="541" ind1=" " ind2=" "><subfield code="d">1924</subfield><subfield code="3">Manuscript</subfield><subfield code="a">Anonymous</subfield><subfield code="c">Purchase, 1924</subfield><subfield code="h">$50.00</subfield></datafield><datafield tag="561" ind1=" " ind2=" "><subfield code="a">Purchased in Cairo, 1924. Once part of the personal manuscript collection of Sultan Abdülhamid II of Turkey.</subfield></datafield><datafield tag="650" ind1=" " ind2="0"><subfield code="a">Manuscripts, Arabic</subfield><subfield code="z">Michigan</subfield><subfield code="z">Ann Arbor.</subfield></datafield><datafield tag="700" ind1="0" ind2=" "><subfield code="a">Abdülhamid</subfield><subfield code="b">II,</subfield><subfield code="c">Sultan of the Turks,</subfield><subfield code="d">1842-1918,</subfield><subfield code="e">former owner.</subfield></datafield><datafield tag="773" ind1="0" ind2=" "><subfield code="7">unbc</subfield><subfield code="a">Abdul Hamid Collection.</subfield><subfield code="w">(CStRLIN)MIUH92-A187.</subfield></datafield><datafield tag="880" ind1="0" ind2="2"><subfield code="6">245-01/</subfield><subfield code="a">القرآن :</subfield><subfield code="k">manuscript،</subfield><subfield code="f">[1887 or 8].</subfield></datafield><datafield tag="CID" ind1=" " ind2=" "><subfield code="a">002641728</subfield></datafield><datafield tag="DAT" ind1="0" ind2=" "><subfield code="a">20201222040257.0</subfield><subfield code="b">20201222000000.0</subfield></datafield><datafield tag="DAT" ind1="1" ind2=" "><subfield code="a">20201222090504.0</subfield><subfield code="b">2020-12-22T17:15:14Z</subfield></datafield><datafield tag="DAT" ind1="2" ind2=" "><subfield code="a">2015-10-02T18:00:03Z</subfield><subfield code="b">2014-02-15T21:00:04Z</subfield></datafield><datafield tag="CAT" ind1=" " ind2=" "><subfield code="a">SDR-MIU</subfield><subfield code="d">EX LIBRIS - ALEPH</subfield><subfield code="l">prepare.pl-004-008</subfield></datafield><datafield tag="FMT" ind1=" " ind2=" "><subfield code="a">BK</subfield></datafield><datafield tag="HOL" ind1=" " ind2=" "><subfield code="0">sdr-miu002641728</subfield><subfield code="a">MiU</subfield><subfield code="b">SDR</subfield><subfield code="c">MIU</subfield><subfield code="p">mdp.39015081445986</subfield><subfield code="s">MIU</subfield><subfield code="1">002641728</subfield></datafield><datafield tag="974" ind1=" " ind2=" "><subfield code="b">MIU</subfield><subfield code="c">MIU</subfield><subfield code="d">20201222</subfield><subfield code="s">lit-dlps-dc</subfield><subfield code="u">mdp.39015081445986</subfield><subfield code="y">1888</subfield><subfield code="r">pd</subfield><subfield code="q">add</subfield></datafield></record></collection>